<?xml version="1.0" encoding="UTF-8"?><collection xmlns="http://www.loc.gov/MARC21/slim"><record><leader>00310nam--2200121-i-4500</leader><controlfield tag="001">000040952</controlfield><controlfield tag="002">20161230</controlfield><controlfield tag="005">20161230201042</controlfield><controlfield tag="008">060222s1000------------r-----000-0-eng-d</controlfield><datafield ind1=" " ind2=" " tag="080"><subfield code="a">001.89</subfield></datafield><datafield ind1=" " ind2=" " tag="245"><subfield code="a">Scientific research in british univ. 1953-54</subfield></datafield><datafield ind1=" " ind2=" " tag="260"><subfield code="a">London, Stationery Office, 1954. 521 P</subfield></datafield><datafield ind1=" " ind2=" " tag="852"><subfield code="a">11144</subfield></datafield></record></collection>